%% This BibTeX bibliography file was created using BibDesk.
%% http://bibdesk.sourceforge.net/

%% Created for Ziwei Zhu at 2020-05-14 17:12:34 -0400 


%% Saved with string encoding Unicode (UTF-8) 



@article{Min18,
	Author = {Minsker, Stanislav},
	Date-Added = {2020-03-16 00:53:43 -0400},
	Date-Modified = {2020-03-16 00:57:44 -0400},
	Journal = {The Annals of Statistics},
	Number = {6A},
	Pages = {2871--2903},
	Publisher = {Institute of Mathematical Statistics},
	Title = {Sub-{G}aussian estimators of the mean of a random matrix with heavy-tailed entries},
	Volume = {46},
	Year = {2018}}

@article{KLo17,
	Author = {Koltchinskii, Vladimir and Lounici, Karim},
	Date-Added = {2020-03-14 04:49:00 +0000},
	Date-Modified = {2020-03-14 04:49:00 +0000},
	Journal = {Bernoulli},
	Number = {1},
	Pages = {110-133},
	Title = {Concentration inequalities and moment bounds for sample covariance operators},
	Volume = {23},
	Year = {2017}}

@article{SZF19,
	Author = {Sun, Qiang and Zhou, Wen-Xin and Fan, Jianqing},
	Date-Added = {2020-03-10 06:00:21 +0000},
	Date-Modified = {2020-03-10 06:00:35 +0000},
	Journal = {Journal of the American Statistical Association},
	Pages = {1--24},
	Publisher = {Taylor \& Francis},
	Title = {Adaptive {H}uber regression},
	Year = {2019}}

@inproceedings{DKK16,
	Author = {Diakonikolas, Ilias and Kamath, Gautam and Kane, Daniel M and Li, Jerry and Moitra, Ankur and Stewart, Alistair},
	Booktitle = {2016 IEEE 57th Annual Symposium on Foundations of Computer Science (FOCS)},
	Date-Added = {2019-04-20 22:36:52 +0000},
	Date-Modified = {2019-04-20 22:36:58 +0000},
	Organization = {IEEE},
	Pages = {655--664},
	Title = {Robust estimators in high dimensions without the computational intractability},
	Year = {2016}}

@article{BDA18,
	Author = {Bellec, Pierre C and Dalalyan, Arnak S and Grappin, Edwin and Paris, Quentin and others},
	Date-Added = {2019-04-19 20:28:01 +0000},
	Date-Modified = {2019-04-19 20:28:09 +0000},
	Journal = {Electronic Journal of Statistics},
	Number = {2},
	Pages = {3443--3472},
	Publisher = {The Institute of Mathematical Statistics and the Bernoulli Society},
	Title = {On the prediction loss of the lasso in the partially labeled setting},
	Volume = {12},
	Year = {2018}}

@article{LTa18,
	Author = {Po-Ling Loh and Xin Lu Tan},
	Date-Added = {2017-12-28 23:41:19 +0000},
	Date-Modified = {2020-03-05 06:09:39 +0000},
	Journal = {Electronic Journal of Statistics},
	Pages = {1429-1467},
	Title = {High-dimensional robust precision matrix estimation: Cellwise corruption under $\epsilon$-contamination},
	Volume = {12},
	Year = {2018}}

@techreport{RHu17,
	Author = {Philippe Rigollet and Jan-Christian H\"utter},
	Date-Added = {2017-12-21 12:03:21 +0000},
	Date-Modified = {2017-12-21 12:05:37 +0000},
	Institution = {Massachusetts Institute of Technology},
	Title = {High-dimensional statistics},
	Year = {2017}}

@article{Yub97,
	Author = {Yu, Bin},
	Date-Added = {2017-12-16 12:00:11 +0000},
	Date-Modified = {2017-12-16 12:00:11 +0000},
	Journal = {Festschrift for Lucien Le Cam},
	Pages = {435},
	Publisher = {Springer},
	Title = {Assouad, fano, and le cam},
	Volume = {423},
	Year = {1997}}

@book{Mas07,
	Author = {Massart, P.},
	Booktitle = {Concentration Inequalities and Model Selection: Ecole d'Et\'e de Probabilit\'es de Saint-Flour XXXIII -- 2003},
	Date-Added = {2017-12-16 11:37:05 +0000},
	Date-Modified = {2017-12-16 11:43:38 +0000},
	Publisher = {Springer, Berlin/Heidelberg},
	Title = {Concentration Inequalities and Model Selection: Ecole d'Et\'e de Probabilit\'es de Saint-Flour XXXIII -- 2003},
	Year = {2007}}

@article{FLW17,
	Author = {Fan, Jianqing and Liu, Han and Wang, Weichen},
	Journal = {Annals of statistics},
	Number = {4},
	Pages = {1383},
	Publisher = {NIH Public Access},
	Title = {Large covariance estimation through elliptical factor models},
	Volume = {46},
	Year = {2018}}

@article{WZZ18,
	Author = {Wang, Lili and Zheng, Chao and Zhou, Wen and Zhou, Wen-Xin},
	Date-Added = {2020-03-10 19:33:18 -0400},
	Date-Modified = {2020-03-10 19:33:26 -0400},
	Journal = {Preprint},
	Title = {A new principle for tuning-free Huber regression},
	Year = {2018}}

@article{Oli16,
	Author = {Oliveira, Roberto Imbuzeiro},
	Date-Added = {2016-10-16 01:50:04 +0000},
	Date-Modified = {2016-10-16 01:50:20 +0000},
	Journal = {Probability Theory and Related Fields},
	Pages = {1--20},
	Publisher = {Springer},
	Title = {The lower tail of random quadratic forms with applications to ordinary least squares},
	Year = {2016}}

@article{CTa06,
	Author = {Candes, Emmanuel J and Tao, Terence},
	Date-Added = {2016-10-11 16:28:19 +0000},
	Date-Modified = {2016-10-16 02:26:53 +0000},
	Journal = {IEEE Transactions on Information Theory},
	Number = {12},
	Pages = {5406--5425},
	Publisher = {IEEE},
	Title = {Near-optimal signal recovery from random projections: Universal encoding strategies?},
	Volume = {52},
	Year = {2006}}

@article{FLi01,
	Author = {Fan, Jianqing and Li, Runze},
	Date-Added = {2016-10-11 16:07:49 +0000},
	Date-Modified = {2016-10-16 02:24:36 +0000},
	Journal = {Journal of the American Statistical Association},
	Number = {456},
	Pages = {1348--1360},
	Publisher = {Taylor \& Francis},
	Title = {Variable selection via nonconcave penalized likelihood and its oracle properties},
	Volume = {96},
	Year = {2001}}

@article{CDS01,
	Author = {Chen, Scott Shaobing and Donoho, David L and Saunders, Michael A},
	Date-Added = {2016-10-11 15:52:52 +0000},
	Date-Modified = {2016-10-11 15:52:59 +0000},
	Journal = {SIAM review},
	Number = {1},
	Pages = {129--159},
	Publisher = {SIAM},
	Title = {Atomic decomposition by basis pursuit},
	Volume = {43},
	Year = {2001}}

@article{CTa07,
	Author = {Candes, Emmanuel and Tao, Terence},
	Date-Added = {2016-10-11 15:51:37 +0000},
	Date-Modified = {2016-10-16 02:27:55 +0000},
	Journal = {Annals of Statistics},
	Number = {6},
	Pages = {2313--2351},
	Publisher = {JSTOR},
	Title = {The Dantzig selector: Statistical estimation when p is much larger than n},
	Volume = {35},
	Year = {2007}}

@article{Tib96,
	Author = {Tibshirani, Robert},
	Date-Added = {2016-10-11 15:49:11 +0000},
	Date-Modified = {2016-10-16 02:45:48 +0000},
	Journal = {Journal of the Royal Statistical Society: Series B (Methodological)},
	Number = {1},
	Pages = {267--288},
	Publisher = {JSTOR},
	Title = {Regression shrinkage and selection via the lasso},
	Volume = {58},
	Year = {1996}}

@article{Don06,
	Author = {Donoho, David L},
	Date-Added = {2016-10-11 14:55:21 +0000},
	Date-Modified = {2016-10-16 02:26:16 +0000},
	Journal = {IEEE Transactions on Information Theory},
	Number = {4},
	Pages = {1289--1306},
	Publisher = {IEEE},
	Title = {Compressed sensing},
	Volume = {52},
	Year = {2006}}

@article{FLM13,
	Author = {Fan, Jianqing and Liao, Yuan and Mincheva, Martina},
	Date-Added = {2016-10-09 02:59:59 +0000},
	Date-Modified = {2016-10-09 03:00:12 +0000},
	Journal = {Journal of the Royal Statistical Society: Series B (Statistical Methodology)},
	Number = {4},
	Pages = {603--680},
	Publisher = {Wiley Online Library},
	Title = {Large covariance estimation by thresholding principal orthogonal complements},
	Volume = {75},
	Year = {2013}}

@article{CZh12,
	Author = {Cai, T Tony and Zhou, Harrison H},
	Date-Added = {2016-10-09 02:56:22 +0000},
	Date-Modified = {2016-10-16 02:28:25 +0000},
	Journal = {Annals of Statistics},
	Number = {5},
	Pages = {2389--2420},
	Publisher = {Institute of Mathematical Statistics},
	Title = {Optimal rates of convergence for sparse covariance matrix estimation},
	Volume = {40},
	Year = {2012}}

@article{CLi11,
	Author = {Cai, Tony and Liu, Weidong},
	Date-Added = {2016-10-09 02:54:12 +0000},
	Date-Modified = {2016-10-09 02:54:17 +0000},
	Journal = {Journal of the American Statistical Association},
	Number = {494},
	Pages = {672--684},
	Publisher = {Taylor \& Francis},
	Title = {Adaptive thresholding for sparse covariance matrix estimation},
	Volume = {106},
	Year = {2011}}

@article{LFa09,
	Author = {Lam, Clifford and Fan, Jianqing},
	Date-Added = {2016-10-09 02:51:48 +0000},
	Date-Modified = {2016-10-16 02:13:25 +0000},
	Journal = {Annals of Statistics},
	Number = {6B},
	Pages = {4254--4278},
	Publisher = {NIH Public Access},
	Title = {Sparsistency and rates of convergence in large covariance matrix estimation},
	Volume = {37},
	Year = {2009}}

@article{BLe08,
	Author = {Bickel, Peter J and Levina, Elizaveta},
	Date-Added = {2016-10-09 02:48:08 +0000},
	Date-Modified = {2016-10-16 02:30:50 +0000},
	Journal = {Annals of Statistics},
	Number = {6},
	Pages = {2577--2604},
	Publisher = {JSTOR},
	Title = {Covariance regularization by thresholding},
	Volume = {36},
	Year = {2008}}

@article{MBu06,
	Author = {Meinshausen, Nicolai and B{\"u}hlmann, Peter},
	Date-Added = {2016-10-09 02:46:40 +0000},
	Date-Modified = {2016-10-16 02:12:27 +0000},
	Journal = {Annals of Statistics},
	Number = {3},
	Pages = {1436--1462},
	Publisher = {JSTOR},
	Title = {High-dimensional graphs and variable selection with the lasso},
	Volume = {34},
	Year = {2006}}

@article{CZh14,
	Author = {Cai, T Tony and Zhang, Anru},
	Date-Added = {2016-10-08 22:42:34 +0000},
	Date-Modified = {2016-10-08 22:42:42 +0000},
	Journal = {IEEE Transactions on Information Theory},
	Number = {1},
	Pages = {122--132},
	Publisher = {IEEE},
	Title = {Sparse representation of a polytope and recovery of sparse signals and low-rank matrices},
	Volume = {60},
	Year = {2014}}

@article{CPl11,
	Author = {Candes, Emmanuel J and Plan, Yaniv},
	Date-Added = {2016-10-08 22:39:44 +0000},
	Date-Modified = {2016-10-08 22:39:50 +0000},
	Journal = {IEEE Transactions on Information Theory},
	Number = {4},
	Pages = {2342--2359},
	Publisher = {IEEE},
	Title = {Tight oracle inequalities for low-rank matrix recovery from a minimal number of noisy random measurements},
	Volume = {57},
	Year = {2011}}

@article{RFP10,
	Author = {Recht, Benjamin and Fazel, Maryam and Parrilo, Pablo A},
	Date-Added = {2016-10-08 21:52:08 +0000},
	Date-Modified = {2016-10-08 21:52:17 +0000},
	Journal = {SIAM review},
	Number = {3},
	Pages = {471--501},
	Publisher = {SIAM},
	Title = {Guaranteed minimum-rank solutions of linear matrix equations via nuclear norm minimization},
	Volume = {52},
	Year = {2010}}

@article{CZh15,
	Author = {Cai, T Tony and Zhang, Anru},
	Date-Added = {2016-10-08 15:48:18 +0000},
	Date-Modified = {2016-10-16 02:28:50 +0000},
	Journal = {Annals of Statistics},
	Number = {1},
	Pages = {102--138},
	Publisher = {Institute of Mathematical Statistics},
	Title = {ROP: Matrix recovery via rank-one projections},
	Volume = {43},
	Year = {2015}}

@article{HLW14,
	Author = {He, Bingsheng and Liu, Han and Wang, Zhaoran and Yuan, Xiaoming},
	Date-Added = {2016-09-14 03:48:27 +0000},
	Date-Modified = {2016-09-14 03:48:45 +0000},
	Journal = {SIAM Journal on Optimization},
	Number = {3},
	Pages = {1011--1040},
	Publisher = {SIAM},
	Title = {A Strictly Contractive Peaceman--Rachford Splitting Method for Convex Programming},
	Volume = {24},
	Year = {2014}}

@article{RWY11,
	Author = {Raskutti, Garvesh and Wainwright, Martin J and Yu, Bin},
	Date-Added = {2016-09-09 15:00:52 +0000},
	Date-Modified = {2016-09-09 15:00:58 +0000},
	Journal = {IEEE Transactions on Information Theory},
	Number = {10},
	Pages = {6976--6994},
	Publisher = {IEEE},
	Title = {Minimax rates of estimation for high-dimensional linear regression over-balls},
	Volume = {57},
	Year = {2011}}

@article{BRT09,
	Author = {Bickel, Peter J and Ritov, Ya'acov and Tsybakov, Alexandre B},
	Date-Added = {2016-09-09 02:58:54 +0000},
	Date-Modified = {2016-10-16 02:29:59 +0000},
	Journal = {Annals of Statistics},
	Number = {4},
	Pages = {1705--1732},
	Publisher = {JSTOR},
	Title = {Simultaneous analysis of Lasso and Dantzig selector},
	Volume = {37},
	Year = {2009}}

@article{Tro12,
	Author = {Tropp, Joel A.},
	Date-Added = {2016-09-09 02:58:54 +0000},
	Date-Modified = {2016-10-16 02:29:59 +0000},
	Journal = {Foundations of Computational Mathematics},
	Pages = {389--434},
	Title = {User-friendly tail bounds for sums of random matrices},
	Volume = {12},
	Year = {2012}}

@techreport{FLT15,
	Author = {Fang, X. Ethan and Liu, Han and Toh, Kim Chuan and Zhou, Wen-Xin},
	Date-Added = {2016-08-19 20:13:13 +0000},
	Date-Modified = {2016-08-19 20:19:22 +0000},
	Title = {Max-norm optimization for robust matrix recovery},
	Year = {2015}}

@article{ISh98,
	Author = {Ibragimov, Rustam and Sharakhmetov, Sh},
	Date-Added = {2016-07-12 00:55:58 +0000},
	Date-Modified = {2016-07-12 01:02:20 +0000},
	Journal = {Theory of Probability \& Its Applications},
	Number = {2},
	Pages = {294--302},
	Publisher = {SIAM},
	Title = {Short Communications: On an Exact Constant for the Rosenthal Inequality},
	Volume = {42},
	Year = {1998}}

@article{EBe92,
	Author = {Eckstein, Jonathan and Bertsekas, Dimitri P},
	Date-Added = {2016-05-20 01:09:09 +0000},
	Date-Modified = {2016-05-20 01:09:21 +0000},
	Journal = {Mathematical Programming},
	Number = {1-3},
	Pages = {293--318},
	Publisher = {Springer},
	Title = {On the Douglas---Rachford splitting method and the proximal point algorithm for maximal monotone operators},
	Volume = {55},
	Year = {1992}}

@techreport{FHL14,
	Author = {Fan, Jianqing and Han, Fang and Liu, Han},
	Date-Added = {2016-05-20 00:42:52 +0000},
	Date-Modified = {2016-05-20 00:43:00 +0000},
	Institution = {Technical report, Princeton University},
	Title = {PAGE: Robust pattern guided estimation of large covariance matrix},
	Year = {2014}}

@article{CZh13,
	Author = {Cai, Tony and Zhou, Wen-Xin},
	Date-Added = {2016-04-11 21:43:29 +0000},
	Date-Modified = {2016-04-11 21:43:38 +0000},
	Journal = {The Journal of Machine Learning Research},
	Number = {1},
	Pages = {3619--3647},
	Publisher = {JMLR. org},
	Title = {A max-norm constrained minimization approach to 1-bit matrix completion},
	Volume = {14},
	Year = {2013}}

@article{FFB14,
	Author = {Fan, Jianqing and Fan, Yingying and Barut, Emre},
	Journal = {Annals of statistics},
	Number = {1},
	Pages = {324},
	Publisher = {NIH Public Access},
	Title = {Adaptive robust variable selection},
	Volume = {42},
	Year = {2014}}

@article{CPl10,
	Author = {Candes, Emmanuel J and Plan, Yaniv},
	Date-Added = {2016-03-17 03:39:12 +0000},
	Date-Modified = {2016-03-17 03:39:22 +0000},
	Journal = {Proceedings of the IEEE},
	Number = {6},
	Pages = {925--936},
	Publisher = {IEEE},
	Title = {Matrix completion with noise},
	Volume = {98},
	Year = {2010}}

@article{RTs11,
	Author = {Rohde, Angelika and Tsybakov, Alexandre B},
	Date-Added = {2016-03-16 21:02:48 +0000},
	Date-Modified = {2016-10-16 02:03:58 +0000},
	Journal = {Annals of Statistics},
	Number = {2},
	Pages = {887--930},
	Publisher = {Institute of Mathematical Statistics},
	Title = {Estimation of high-dimensional low-rank matrices},
	Volume = {39},
	Year = {2011}}

@article{HSa16,
	Author = {Hsu, Daniel and Sabato, Sivan},
	Date-Added = {2016-03-16 19:58:45 +0000},
	Date-Modified = {2016-10-16 02:22:55 +0000},
	Journal = {Journal of Machine Learning Research},
	Number = {18},
	Pages = {1--40},
	Title = {Loss minimization and parameter estimation with heavy tails},
	Volume = {17},
	Year = {2016}}

@article{Loh15,
	Author = {Loh, Po-Ling},
	Date-Added = {2016-03-16 18:51:50 +0000},
	Date-Modified = {2017-12-28 23:39:42 +0000},
	Journal = {The Annals of Statistics},
	Pages = {866--896},
	Title = {Statistical consistency and asymptotic normality for high-dimensional robust M-estimators},
	Volume = {45},
	Year = {2017}}

@article{BJL15,
	Author = {Brownlees, Christian and Joly, Emilien and Lugosi, G{\'a}bor},
	Date-Added = {2016-03-16 18:14:00 +0000},
	Date-Modified = {2016-10-16 02:29:12 +0000},
	Journal = {Annals of Statistics},
	Number = {6},
	Pages = {2507--2536},
	Publisher = {Institute of Mathematical Statistics},
	Title = {Empirical risk minimization for heavy-tailed losses},
	Volume = {43},
	Year = {2015}}

@article{Cat12,
	Author = {Catoni, Olivier},
	Journal = {Annales de l'Institut Henri Poincar{\'e}},
	Number = {4},
	Organization = {Institut Henri Poincar{\'e}},
	Pages = {1148--1185},
	Title = {Challenging the empirical mean and empirical variance: a deviation study},
	Volume = {48},
	Year = {2012}}

@article{BCL13,
	Author = {Bubeck, Sebastian and Cesa-Bianchi, Nicolo and Lugosi, G{\'a}bor},
	Date-Added = {2016-03-16 04:00:44 +0000},
	Date-Modified = {2016-03-16 04:00:55 +0000},
	Journal = {Information Theory, IEEE Transactions on},
	Number = {11},
	Pages = {7711--7717},
	Publisher = {IEEE},
	Title = {Bandits with heavy tail},
	Volume = {59},
	Year = {2013}}

@article{NYD82,
	Author = {Nemirovsky, A-S and Yudin, D-B and Dawson, E-R},
	Date-Added = {2016-03-15 20:39:11 +0000},
	Date-Modified = {2016-03-15 20:39:27 +0000},
	Publisher = {John Wiley \& Sons, Inc., Panstwowe Wydawnictwo Naukowe (PWN)},
	Title = {Problem complexity and method efficiency in optimization},
	Year = {1982}}

@article{Min15,
	Author = {Minsker, Stanislav},
	Date-Added = {2016-03-15 20:34:20 +0000},
	Date-Modified = {2016-05-24 03:10:29 +0000},
	Journal = {Bernoulli},
	Number = {4},
	Pages = {2308--2335},
	Publisher = {Bernoulli Society for Mathematical Statistics and Probability},
	Title = {Geometric median and robust estimation in Banach spaces},
	Volume = {21},
	Year = {2015}}

@article{RZh13,
	Author = {Rudelson, Mark and Zhou, Shuheng},
	Date-Added = {2016-03-14 21:21:22 +0000},
	Date-Modified = {2016-10-16 02:03:37 +0000},
	Journal = {IEEE Transactions on Information Theory},
	Number = {6},
	Pages = {3434--3447},
	Publisher = {IEEE},
	Title = {Reconstruction from anisotropic random measurements},
	Volume = {59},
	Year = {2013}}

@article{GWY10,
	Author = {Raskutti, Garvesh and Wainwright, Martin J and Yu, Bin},
	Date-Added = {2016-03-12 15:46:38 +0000},
	Date-Modified = {2016-03-12 15:46:49 +0000},
	Journal = {The Journal of Machine Learning Research},
	Pages = {2241--2259},
	Publisher = {JMLR. org},
	Title = {Restricted eigenvalue properties for correlated Gaussian designs},
	Volume = {11},
	Year = {2010}}

@article{NWa12,
	Author = {Negahban, Sahand and Wainwright, Martin J},
	Date-Added = {2016-03-09 22:10:56 +0000},
	Date-Modified = {2016-10-16 02:10:37 +0000},
	Journal = {Journal of Machine Learning Research},
	Number = {1},
	Pages = {1665--1697},
	Publisher = {JMLR. org},
	Title = {Restricted strong convexity and weighted matrix completion: Optimal bounds with noise},
	Volume = {13},
	Year = {2012}}

@article{NRW12,
	Author = {Negahban, Sahand and Yu, Bin and Wainwright, Martin J and Ravikumar, Pradeep K},
	Date-Added = {2016-03-09 17:19:56 +0000},
	Date-Modified = {2016-10-16 02:09:12 +0000},
	Journal = {Statistical Science},
	Number = {4},
	Pages = {538--577},
	Title = {A unified framework for high-dimensional analysis of $ M $-estimators with decomposable regularizers},
	Volume = {24},
	Year = {2012}}

@article{KLT11,
	Author = {Koltchinskii, Vladimir and Lounici, Karim and Tsybakov, Alexandre B},
	Date-Added = {2015-12-28 22:31:39 +0000},
	Date-Modified = {2016-10-16 02:13:44 +0000},
	Journal = {Annals of Statistics},
	Number = {5},
	Pages = {2302--2329},
	Publisher = {Institute of Mathematical Statistics},
	Title = {Nuclear-norm penalization and optimal rates for noisy low-rank matrix completion},
	Volume = {39},
	Year = {2011}}

@article{Tro15,
	Author = {Tropp, Joel A},
	Date-Added = {2015-12-28 22:31:02 +0000},
	Date-Modified = {2015-12-28 22:31:12 +0000},
	Journal = {arXiv preprint arXiv:1501.01571},
	Title = {An introduction to matrix concentration inequalities},
	Year = {2015}}

@book{BLM13,
	Author = {Boucheron, St{\'e}phane and Lugosi, G{\'a}bor and Massart, Pascal},
	Date-Added = {2015-12-28 22:30:13 +0000},
	Date-Modified = {2015-12-28 22:30:21 +0000},
	Publisher = {OUP Oxford},
	Title = {Concentration inequalities: A nonasymptotic theory of independence},
	Year = {2013}}

@book{FY15,
	Author = {Fan, Jianqing and Yao, Qiwei},
	Date-Added = {2015-12-28 22:30:13 +0000},
	Date-Modified = {2015-12-28 22:30:21 +0000},
	Publisher = {Science Press, Beijing},
	Title = {Elements of Financial Econometrics},
	Year = {2015}}

@article{NWa11,
	Author = {Negahban, Sahand and Wainwright, Martin J},
	Date-Added = {2015-12-28 22:29:14 +0000},
	Date-Modified = {2016-10-16 02:11:26 +0000},
	Journal = {Annals of Statistics},
	Number = {2},
	Pages = {1069--1097},
	Publisher = {JSTOR},
	Title = {Estimation of (near) low-rank matrices with noise and high-dimensional scaling},
	Volume = {39},
	Year = {2011}}

@article{Ver10,
	Author = {Vershynin, Roman},
	Date-Added = {2015-12-28 22:28:12 +0000},
	Date-Modified = {2015-12-28 22:28:35 +0000},
	Journal = {arXiv preprint arXiv:1011.3027},
	Title = {Introduction to the non-asymptotic analysis of random matrices},
	Year = {2010}}

@article{FLW16,
	Author = {Fan, Jianqing and Li, Quefeng and Wang, Yuyan},
	Date-Added = {2015-12-28 22:27:17 +0000},
	Date-Modified = {2017-12-28 23:18:25 +0000},
	Journal = {Journal of Royal Statistical Society, Series B},
	Pages = {247--265},
	Title = {Robust Estimation of High-Dimensional Mean Regression},
	Volume = {79},
	Year = {2017}}
